@article{reifer2003scaling,
  title={Scaling agile methods},
  author={Reifer, Donald J and Maurer, Frank and Erdogmus, Hakan},
  journal={IEEE software},
  volume={20},
  number={4},
  pages={12--14},
  year={2003},
  publisher={IEEE}
}

@inproceedings{begel2007usage,
  title={Usage and perceptions of agile software development in an industrial context: An exploratory study},
  author={Begel, Andrew and Nagappan, Nachiappan},
  booktitle={Empirical Software Engineering and Measurement, 2007. ESEM 2007. First International Symposium on},
  pages={255--264},
  year={2007},
  organization={IEEE}
}

@article{turk2014limitations,
  title={Limitations of agile software processes},
  author={Turk, Dan and France, Robert and Rumpe, Bernhard},
  journal={arXiv preprint arXiv:1409.6600},
  year={2014}
}

@inproceedings{ambler2009scaling,
  title={Scaling agile software development through lean governance},
  author={Ambler, Scott W},
  booktitle={Proceedings of the 2009 ICSE workshop on software development governance},
  pages={1--2},
  year={2009},
  organization={IEEE Computer Society}
}

@inproceedings{laanti2008implementing,
  title={Implementing program model with agile principles in a large software development organization},
  author={Laanti, Maarit},
  booktitle={Computer Software and Applications, 2008. COMPSAC'08. 32nd Annual IEEE International},
  pages={1383--1391},
  year={2008},
  organization={IEEE}
}

@article{ambler2009agile,
  title={The agile scaling model (ASM): adapting agile methods for complex environments},
  author={Ambler, Scott W},
  journal={Environments},
  year={2009}
}

@article{ambler2009applying,
  title={Applying agile and lean principles to the governance of software and systems development},
  author={Ambler, SW and Kroll, P},
  journal={IBM Software Rational},
  year={2009}
}

@book{cohn2005agile,
  title={Agile estimating and planning},
  author={Cohn, Mike},
  year={2005},
  publisher={Pearson Education}
}

@inproceedings{molokken2007combining,
  title={Combining estimates with planning poker--an empirical study},
  author={Molokken-Ostvold, Kjetil and Haugen, Nils Christian},
  booktitle={Software Engineering Conference, 2007. ASWEC 2007. 18th Australian},
  pages={349--358},
  year={2007},
  organization={IEEE}
}

@article{tamrakar2012does,
  title={Does the use of Fibonacci numbers in Planning Poker affect effort estimates?},
  author={Tamrakar, Ritesh and J{\o}rgensen, Magne},
  year={2012},
  publisher={IET}
}

@inproceedings{haugen2006empirical,
  title={An empirical study of using planning poker for user story estimation},
  author={Haugen, Nils Christian},
  booktitle={Agile Conference, 2006},
  pages={9--pp},
  year={2006},
  organization={IEEE}
}

@inproceedings{grapenthin2016supporting,
  title={Supporting Feature Estimation with Risk and Effort Annotations},
  author={Grapenthin, Simon and Book, Matthias and Richter, Thomas and Gruhn, Volker},
  booktitle={Software Engineering and Advanced Applications (SEAA), 2016 42th Euromicro Conference on},
  pages={17--24},
  year={2016},
  organization={IEEE}
}

@inproceedings{yip2007hands,
  title={Hands-on release planning with poker chips},
  author={Yip, Jason},
  booktitle={Proceedings of the 14th Conference on Pattern Languages of Programs},
  pages={11},
  year={2007},
  organization={ACM}
}

@article{grenning2002planning,
  title={Planning poker or how to avoid analysis paralysis while release planning},
  author={Grenning, James},
  journal={Hawthorn Woods: Renaissance Software Consulting},
  volume={3},
  year={2002}
}

@conference{devstudy, 
    author = "Jussi Kasurinen et al.",
    title = "What Concerns Game Developers? A Study on Game Development Processes, Sustainability and Metrics",
    booktitle = "2017 IEEE/ACM 8th Workshop on Emerging Trends in Software Metrics (WETSoM)",
    year = "2017",
    pages = "15-21",
    address = "Buenos Aires, Argentina",
    month = "jul",
}

@article{motivation,
    author = "Edward L. Deci and Richard M. Ryan",
    title = "Motivation, Personality, and Development Within Embedded Social Contexts: An Overview of Self-Determination Theory",
    year = "2012",
    month = "jan",
    pages = "85-107",
    booktitle = "The Oxford Handbook of Human Motivation"
}

@article{effectivegroups,
    author = "Sarah Edmunds and George Brown",
    title = "Effective small group learning: AMEE Guide No. 48",
    booktitle = "Medical Teacher",
    volume = "32",
    year = "2010",
    month = "sep",
    pages = "715-726"
}

@conference {collaboration,
    author    = "Minh Quang Tran and Robert Biddle",
    title     = "Collaboration in serious game development: a case study",
    booktitle = "Future Play '08 Proceedings of the 2008 Conference on Future Play: Research, Play, Share",
    year      = "2008",
    pages     = "49-56",
    address   = "Toronto, Ontario, Canada",
    month     = "nov"
}

@article{activepassive,
    author = "Carl A. Benware and Edward L. Deci",
    title = "Quality of Learning With an Active Versus Passive Motivational Set",
    year = "1984",
    volume = "21",
    pages = "755-765",
    month = "dec",
    booktitle = "American Educational Research Journal"
}

@article{talby2006agile,
  title={Agile software testing in a large-scale project},
  author={Talby, David and Keren, Arie and Hazzan, Orit and Dubinsky, Yael},
  journal={IEEE software},
  volume={23},
  number={4},
  pages={30--37},
  year={2006},
  publisher={IEEE}
}

@inproceedings{cruzes2016communication,
  title={Communication between developers and testers in distributed continuous agile testing},
  author={Cruzes, Daniela S and Moe, Nils B and Dyb{\aa}, Tore},
  booktitle={Global Software Engineering (ICGSE), 2016 IEEE 11th International Conference on},
  pages={59--68},
  year={2016},
  organization={IEEE}
}

@inproceedings{moosajee2016games,
  title={Games User Research (GUR) for Indie Studios},
  author={Moosajee, Naeem and Mirza-Babaei, Pejman},
  booktitle={Proceedings of the 2016 CHI Conference Extended Abstracts on Human Factors in Computing Systems},
  pages={3159--3165},
  year={2016},
  organization={ACM}
}

@article{ollila2008using,
  title={Using prototypes in early pervasive game development},
  author={Ollila, Elina MI and Suomela, Riku and Holopainen, Jussi},
  journal={Computers in Entertainment (CIE)},
  volume={6},
  number={2},
  pages={17},
  year={2008},
  publisher={ACM}
}

@article{costikyan2005have,
  title={I Have No Words \&},
  author={Costikyan, Greg},
  journal={The game design reader: A rules of play anthology},
  pages={192},
  year={2005},
  publisher={MIT Press}
}