@article{reifer2003scaling,
  title={Scaling agile methods},
  author={Reifer, Donald J and Maurer, Frank and Erdogmus, Hakan},
  journal={IEEE software},
  volume={20},
  number={4},
  pages={12--14},
  year={2003},
  publisher={IEEE}
}

@inproceedings{begel2007usage,
  title={Usage and perceptions of agile software development in an industrial context: An exploratory study},
  author={Begel, Andrew and Nagappan, Nachiappan},
  booktitle={Empirical Software Engineering and Measurement, 2007. ESEM 2007. First International Symposium on},
  pages={255--264},
  year={2007},
  organization={IEEE}
}

@article{turk2014limitations,
  title={Limitations of agile software processes},
  author={Turk, Dan and France, Robert and Rumpe, Bernhard},
  journal={arXiv preprint arXiv:1409.6600},
  year={2014}
}

@inproceedings{ambler2009scaling,
  title={Scaling agile software development through lean governance},
  author={Ambler, Scott W},
  booktitle={Proceedings of the 2009 ICSE workshop on software development governance},
  pages={1--2},
  year={2009},
  organization={IEEE Computer Society}
}

@inproceedings{laanti2008implementing,
  title={Implementing program model with agile principles in a large software development organization},
  author={Laanti, Maarit},
  booktitle={Computer Software and Applications, 2008. COMPSAC'08. 32nd Annual IEEE International},
  pages={1383--1391},
  year={2008},
  organization={IEEE}
}

@article{ambler2009agile,
  title={The agile scaling model (ASM): adapting agile methods for complex environments},
  author={Ambler, Scott W},
  journal={Environments},
  year={2009}
}

@article{ambler2009applying,
  title={Applying agile and lean principles to the governance of software and systems development},
  author={Ambler, SW and Kroll, P},
  journal={IBM Software Rational},
  year={2009}
}